@article{Drell:1970wh,
      author         = "S.D.~Drell and  Tung-Mow Yan",
      title          = "{Massive Lepton Pair Production in Hadron-Hadron
                        Collisions at High-Energies}",
      journal        = "Phys.Rev.Lett.",
      volume         = "25",
      pages          = "316-320",
      doi            = "10.1103/PhysRevLett.25.316",
      year           = "1970",
      reportNumber   = "SLAC-PUB-0755",
      SLACcitation   = "%%CITATION = PRLTA,25,316;%%",
}




@article{Lonnblad:1992tz,
      author         = "L.~L{\"{o}}nnblad",
      title          = "{ARIADNE version 4: A Program for simulation of QCD
                        cascades implementing the color dipole model}",
      journal        = "Comput.Phys.Commun.",
      volume         = "71",
      pages          = "15-31",
      doi            = "10.1016/0010-4655(92)90068-A",
      year           = "1992",
      reportNumber   = "DESY-92-046",
      SLACcitation   = "%%CITATION = CPHCB,71,15;%%",
}




@article{Becattini:1997uf,
      author         = "F.~Becattini",
      title          = "{Thermal hadron production in high-energy collisions}",
      journal        = "J.Phys.",
      volume         = "G23",
      pages          = "1933-1940",
      doi            = "10.1088/0954-3899/23/12/017",
      year           = "1997",
      eprint         = "hep-ph/9708248",
      archivePrefix  = "arXiv",
      primaryClass   = "hep-ph",
      reportNumber   = "DFF-284-07-1997",
      SLACcitation   = "%%CITATION = HEP-PH/9708248;%%",
}







@article{Asratian:1987rb,
      author         = "HLBC \coll, A.E.~Asratian et al.",
      title          = "{Studiyng (anti-charm strange) spectroscopy in 
                        anti-neutrino $N$ collisions}",
      journal        = "Z.Phys.",
      volume         = "C40",
      pages          = "483",
      doi            = "10.1007/BF01560218",
      year           = "1988",
      reportNumber   = "ITEP-87-214",
      SLACcitation   = "%%CITATION = ZEPYA,C40,483;%%"
}

%%%%%%%%%%%%%%%%%%%%%

@article{Heister:2001nj,
      author         = "ALEPH \coll, A.~Heister et al.",
      title          = "{Production of $D^{**}(s)$ mesons in hadronic Z decays}",
      collaboration  = "ALEPH Collaboration",
      journal        = "Phys.Lett.",
      volume         = "B526",
      pages          = "34-49",
      doi            = "10.1016/S0370-2693(01)01465-4",
      year           = "2002",
      eprint         = "hep-ex/0112010",
      archivePrefix  = "arXiv",
      primaryClass   = "hep-ex",
      reportNumber   = "CERN-EP-2001-085",
      SLACcitation   = "%%CITATION = HEP-EX/0112010;%%",
}
@article{Ackerstaff:1997vc,
      author         = "OPAL \coll, K.~Ackerstaff et al.",
      title          = "{Production of P wave charm and charm - strange mesons in
                        hadronic $Z^0$ decays}",
      collaboration  = "OPAL Collaboration",
      journal        = "Z.Phys.",
      volume         = "C76",
      pages          = "425-440",
      doi            = "10.1007/s002880050566",
      year           = "1997",
      SLACcitation   = "%%CITATION = ZEPYA,C76,425;%%",
}




@misc{LUMIPAGE,
author = {ZEUS collaboration},
title = {ZEUS evtake and lumi page},
url = {http://zeusdp.desy.de/physics/lumi/}
}


%%%%%%%%%%


@article{Bergfeld:1994af,
      author         = "CLEO \coll, T.~Bergfeld et al.",
      title          = "{Observation of $D_1^+(2420)$ and $D_2^{*+}(2460)$}",
      collaboration  = "CLEO Collaboration",
      journal        = "Phys.Lett.",
      volume         = "B340",
      pages          = "194-204",
      doi            = "10.1016/0370-2693(94)01348-9",
      year           = "1994",
      reportNumber   = "CLNS-94-1298, CLEO-94-21",
      SLACcitation   = "%%CITATION = PHLTA,B340,194;%%",
}


@article{Aubert:2008zc,
      author         = "BABAR \coll, P.~Aubert et al.",
      title          = "{Measurement of Semileptonic B Decays into
                        Orbitally-Excited Charmed Mesons}",
      collaboration  = "BABAR Collaboration",
      journal        = "Phys.Rev.Lett.",
      volume         = "103",
      pages          = "051803",
      doi            = "10.1103/PhysRevLett.103.051803",
      year           = "2009",
      eprint         = "0808.0333",
      archivePrefix  = "arXiv",
      primaryClass   = "hep-ex",
      reportNumber   = "BABAR-PUB-08-043, SLAC-PUB-13348",
      SLACcitation   = "%%CITATION = ARXIV:0808.0333;%%",
}






%%%%%%%%%
@article{Lees:2011um,
      author         = "BABAR \coll, J.P.~Lees et al.",
      title          = "{Measurement of the mass and width of the $D_{s1}(2536)^+$
                        meson}",
      collaboration  = "BABAR Collaboration",
      journal        = "Phys.Rev.",
      volume         = "D83",
      pages          = "072003",
      doi            = "10.1103/PhysRevD.83.072003",
      year           = "2011",
      eprint         = "1103.2675",
      archivePrefix  = "arXiv",
      primaryClass   = "hep-ex",
      reportNumber   = "BABAR-PUB-10-031, SLAC-PUB-14400",
      SLACcitation   = "%%CITATION = ARXIV:1103.2675;%%"
}









%%%%%%%%5
@article{Belle:2011ad,
      author         = "BELLE \coll, T.~Aushev et al.",
      title          = "{Study of the decays $B\rightarrow D_{s1}(2536)^+
                        \bar{D}^{(*)}$}",
      collaboration  = "Belle Collaboration",
      journal        = "Phys.Rev.",
      volume         = "D83",
      pages          = "051102",
      doi            = "10.1103/PhysRevD.83.059902, 10.1103/PhysRevD.83.051102",
      year           = "2011",
      eprint         = "1102.0935",
      archivePrefix  = "arXiv",
      primaryClass   = "hep-ex",
      SLACcitation   = "%%CITATION = ARXIV:1102.0935;%%"
}


@article{Albrecht:1989yi,
      author         = "ARGUS \coll, H.~Albrecht et al.",
      title          = "{Observation of a new charmed-strange meson}",
      collaboration  = "ARGUS Collaboration",
      journal        = "Phys.Lett.",
      volume         = "B230",
      pages          = "162",
      doi            = "10.1016/0370-2693(89)91672-9",
      year           = "1989",
      reportNumber   = "DESY-89-119",
      SLACcitation   = "%%CITATION = PHLTA,B230,162;%%"
}

@article{Albrecht:1992zh,
      author         = "ARGUS \coll, H.~Albrecht et al.",
      title          = "{Observation of the decay $D_{s1}(2536)\rightarrow D^{*0} K^+$}",
      collaboration  = "ARGUS Collaboration",
      journal        = "Phys.Lett.",
      volume         = "B297",
      pages          = "425-431",
      doi            = "10.1016/0370-2693(92)91282-E",
      year           = "1992",
      reportNumber   = "DESY-92-124",
      SLACcitation   = "%%CITATION = PHLTA,B297,425;%%"
}


@article{Albrecht:1989pa,
      author         = "ARGUS \coll, H.~Albrecht et al.",
      title          = "{Resonance decomposition of the $D^{*0}(2420)$ throught decay angular analysis}",
      collaboration  = "ARGUS Collaboration",
      journal        = "Phys.Lett.",
      volume         = "B232",
      pages          = "398",
      doi            = "10.1016/0370-2693(89)90764-8",
      year           = "1989",
      reportNumber   = "DESY-89-103",
      SLACcitation   = "%%CITATION = PHLTA,B232,398;%%"
}

@article{Alexander:1993nq,
      author         = "CLEO \coll, J.P.~Alexander et al.",
      title          = "{Production and decay of the $D_{(s1)}^+(2536)$}",
      collaboration  = "CLEO Collaboration",
      journal        = "Phys.Lett.",
      volume         = "B303",
      pages          = "377-384",
      doi            = "10.1016/0370-2693(93)91448-V",
      year           = "1993",
      reportNumber   = "CLNS-93-1191, CLEO-93-1",
      SLACcitation   = "%%CITATION = PHLTA,B303,377;%%"
}
@article{Asratian:1993zx,
      author         = "BBCNC \coll, A.E.~Asratian et al.",
      title          = "{Observation of $D_s^{**}(2536)$ meson production by
                        neutrinos in BEBC}",
      collaboration  = "Big Bubble Chamber Neutrino Collaboration",
      journal        = "Z.Phys.",
      volume         = "C61",
      pages          = "563-566",
      doi            = "10.1007/BF01552622",
      year           = "1994",
      reportNumber   = "CERN-PPE-93-190",
      SLACcitation   = "%%CITATION = ZEPYA,C61,563;%%"
}



@article{Asratian:1995wx,
      author         = "BBCNC \coll, A.E.~Asratian et al.",
      title          = "{Study of $D^{*+}$ and search for $D^{**0}$ production by neutrinos
                        in BEBC}",
      collaboration  = "Big Bubble Chamber Neutrino Collaboration",
      journal        = "Z.Phys.",
      volume         = "C68",
      pages          = "43-46",
      doi            = "10.1007/BF01579803",
      year           = "1995",
      reportNumber   = "CERN-PPE-95-048, CERN-PPE-95-48",
      SLACcitation   = "%%CITATION = ZEPYA,C68,43;%%"
}




@article{Wise:1992hn,
      author         = "M.B.~Wise",
      title          = "{Chiral perturbation theory for hadrons containing a
                        heavy quark}",
      journal        = "Phys.Rev.",
      volume         = "D45",
      pages          = "2188-2191",
      doi            = "10.1103/PhysRevD.45.R2188",
      year           = "1992",
      reportNumber   = "CALT-68-1765",
      SLACcitation   = "%%CITATION = PHRVA,D45,2188;%%"
}











@article{Chekanov:2008ac,
      author         = "ZEUS \coll,  S. Chekanov et al.",
      title          = "{Production of excited charm and charm-strange mesons at
                        HERA}",
      collaboration  = "ZEUS Collaboration",
      journal        = "Eur. Phys. J.",
      volume         = "C 60",
      pages          = "25-45",
      doi            = "10.1140/epjc/s10052-009-0881-x",
      year           = "2009",
      reportNumber   = "DESY-08-093, ZEUS-PUB-08-006",
      SLACcitation   = "%%CITATION = ARXIV:0807.1290;%%"
}
 


@techreport{KALMAN,
      author         = "P.~Avery",
      title          = "{Fitting Theory V: Track Fitting Using the Kalman Filter}",
      year           = "1992",
            institution={CLEO},
            url={http://www.phys.ufl.edu/~avery/fitting/fitting5.pdf},
      reportNumber   = "CBX-92-39"
}





@article{Chekanov:2008yd,
      author         = "ZEUS \coll,  S. Chekanov et al.",
      title          = "{Measurement of {$D^{\pm}$} and {$D^0$} production in deep inelastic
                        scattering using a lifetime tag at HERA}",
      collaboration  = "ZEUS Collaboration",
      journal        = "Eur. Phys. J.",
      volume         = "C 63",
      pages          = "171-188",
      doi            = "10.1140/epjc/s10052-009-1088-x",
      year           = "2009",
      reportNumber   = "DESY-08-201",
      SLACcitation   = "%%CITATION = ARXIV:0812.3775;%%"
}



@article{PDG08,
      author         = "Particle Data Group, C.~Amsler et al.",
      title          = "{Review of Particle Physics}",
      collaboration  = "Particle Data Group",
      journal        = "Phys. Lett.",
      volume         = "B 667",
      pages          = "1-1340",
      doi            = "10.1016/j.physletb.2008.07.018",
      year           = "2008",
      SLACcitation   = "%%CITATION = PHLTA,B667,1;%%"
}










 
@article{Abe:2003zm,
      author         = "BELLE \coll,  K.~Abe et al.",
      title          = "{Study of {$B\rightarrow D^{**0} \pi^-(D^{**0} \rightarrow D^{(*)+} \pi^-)$}
                        decays}",
      collaboration  = "Belle Collaboration",
      journal        = "Phys. Rev.",
      volume         = "D 69",
      pages          = "112002",
      doi            = "10.1103/PhysRevD.69.112002",
      year           = "2004",
      SLACcitation   = "%%CITATION = HEP-EX/0307021;%%"
}
 


@article{PDG,
      author         = "Particle Data Group, K.~Nakamura et al.",
      title          = "{Review of particle physics}",
      collaboration  = "Particle Data Group",
      journal        = "J. Phys.",
      volume         = "G 37",
      pages          = "075021",
      doi            = "10.1088/0954-3899/37/7A/075021",
      year           = "2010 and partial update for the 2012 edition",
      reportNumber   = "FERMILAB-PUB-10-665-PPD",
      SLACcitation   = "%%CITATION = JPHGB,G37,075021;%%"
}



@techreport{geant,
Title={GEANT3},
  Author =	 {B.~Brun et al.},
  Year =	 {Technical Report CERN-DD/EE/84-1, CERN, 1987},
      institution={CERN},
  Checked =	 {1}
}
 

 
 
 
 

@misc{lohrmann,
  author =       {E.~Lohrmann },
  title =        {A Summary of Charm Hadron Production Fractions},

  eprint =       {hep-ex/1112.3757 (2011)},
  checked =      {2},
  url="http://arxiv.org/pdf/1112.3757.pdf"
}


  

 

@article{CTD,
      author         = "ZEUS \coll, B.~Foster et al.",
      title          = "{The Design and construction of the ZEUS central tracking
                        detector}",
      collaboration  = "ZEUS Collaboration",
      journal        = "Nucl.Instrum.Meth.",
      volume         = "A338",
      pages          = "254-283",
      doi            = "10.1016/0168-9002(94)91313-7",
      year           = "1994",
      reportNumber   = "OUNP-93-16",
      SLACcitation   = "%%CITATION = NUIMA,A338,254;%%",
}

 
 
@article{pythia6221,
      author         = "T.~Sj{\"{o}}strand et al.",
      title          = "{PYTHIA 6.2: Physics and manual}",
      journal        = "Comp. Phys. Comm.",
      volume         = "135",
      pages          = "238",
      year           = "2001",
      reportNumber   = "LU-TP-01-21",
      url= {http://arxiv.org/pdf/hep-ph/0108264.pdf},
       SLACcitation   = "%%CITATION = HEP-PH/0108264;%%"
}

 
@manual{rapgap3,
   Author =	 {H.~Jung},
   Title =       {{ The Rapgap Monte Carlo for Deep Inelastic Scattering}},
   Year =         {2004},
   Howpublished = {{Manual (unpublished)}},
   Address =      {DESY},
   url =          {http://projects.hepforge.org/rapgap/rapgap.pdf}

 }
 
 
 
@article{zfp:c72:39,
      author         = "Yi-Jin~Pei",
      title          = "{A Simple approach to describe hadron production rates in
                        {$e^+ e^-$} annihilation}",
      journal        = "Z. Phys.",
      volume         = "C 72",
      pages          = "39-46",
      doi            = "10.1007/s002880050221",
      year           = "1996",
      reportNumber   = "CERN-PPE-96-037, CERN-PPE-96-37",
      SLACcitation   = "%%CITATION = ZEPYA,C72,39;%%"
}
 







@Article{pr:d43:1679,
      author         = "S.~Godfrey and R.~Kokoski",
      title          = "{The Properties of p Wave Mesons with One Heavy Quark}",
      journal        = "Phys. Rev.",
      volume         = "D 43",
      pages          = "1679-1687",
      doi            = "10.1103/PhysRevD.43.1679",
      year           = "1991",
      reportNumber   = "TRI-PP-86-51, GIPP-90-6A",
      SLACcitation   = "%%CITATION = PHRVA,D43,1679;%%"
}

@article{Falk:1995th,
      author         = "A.F.~Falk and T.~Mehen",
      title          = "{Excited heavy mesons beyond leading order in the heavy
                        quark expansion}",
      journal        = "Phys.Rev.",
      volume         = "D53",
      pages          = "231-240",
      doi            = "10.1103/PhysRevD.53.231",
      year           = "1996",
      eprint         = "hep-ph/9507311",
      archivePrefix  = "arXiv",
      primaryClass   = "hep-ph",
      reportNumber   = "JHU-TIPAC-950008",
      SLACcitation   = "%%CITATION = HEP-PH/9507311;%%",
}




@article{Zhong:2008kd,
      author         = "Zhong, Xian-hui and Zhao, Qiang",
      title          = "{Strong decays of heavy-light mesons in a chiral quark
                        model}",
      journal        = "Phys.Rev.",
      volume         = "D78",
      pages          = "014029",
      doi            = "10.1103/PhysRevD.78.014029",
      year           = "2008",
      eprint         = "0803.2102",
      archivePrefix  = "arXiv",
      primaryClass   = "hep-ph",
      SLACcitation   = "%%CITATION = ARXIV:0803.2102;%%"
}


@article{Falk:1992cx,
      author         = "A.F.~Falk and M.E.~Luke",
      title          = "{Strong decays of excited heavy mesons in chiral
                        perturbation theory}",
      journal        = "Phys.Lett.",
      volume         = "B292",
      pages          = "119-127",
      doi            = "10.1016/0370-2693(92)90618-E",
      year           = "1992",
      eprint         = "hep-ph/9206241",
      archivePrefix  = "arXiv",
      primaryClass   = "hep-ph",
      reportNumber   = "SLAC-PUB-5812, UCSD-PTH-92-14",
      SLACcitation   = "%%CITATION = HEP-PH/9206241;%%"
}




@article{Colangelo:2012xi,
      author         = "P.~Colangelo and F.~De Fazio, F.~Giannuzzi and
                        S.~Nicotri",
      title          = "{New meson spectroscopy with open charm and beauty}",
      journal        = "Phys.Rev.",
      volume         = "D86",
      pages          = "054024",
      doi            = "10.1103/PhysRevD.86.054024",
      year           = "2012",
      eprint         = "1207.6940",
      archivePrefix  = "arXiv",
      primaryClass   = "hep-ph",
      reportNumber   = "BARI-TH-651-12",
      SLACcitation   = "%%CITATION = ARXIV:1207.6940;%%",
}


@article{Billoir,
      author         = "P.~Billoir, R.~Fruhwirth and M.~Regler",
      title          = "{Track element merging strategy and vertex fitting 
in complex modular detectors}",
      journal        = "Nucl.Instrum.Meth.",
      volume         = "A241",
      pages          = "115-131",
      doi            = "10.1016/0168-9002(85)90523-6",
      year           = "1985",
      SLACcitation   = "%%CITATION = NUIMA,A241,115;%%"
}







@article{HERA,
      author         = "W.~Bialowons",
      title          = "{Status of HERA}",
      journal        = "Conf.Proc.",
      volume         = "C960610",
      pages          = "3-7",
      year           = "1996",
      reportNumber   = "DESY-M-96-13F, C96-06-10",
      url="http://accelconf.web.cern.ch/AccelConf/e96/PAPERS/ORALS/MOX02A.PDF",
      SLACcitation   = "%%CITATION = CONFP,C960610,3;%%"
}


@article{Falk:1993rf,
      author         = "A.F.~Falk and M.E.~Peskin",
      title          = "{Production, decay, and polarization of excited heavy
                        hadrons}",
      journal        = "Phys.Rev.",
      volume         = "D49",
      pages          = "3320-3332",
      doi            = "10.1103/PhysRevD.49.3320",
      year           = "1994",
      eprint         = "hep-ph/9308241",
      archivePrefix  = "arXiv",
      primaryClass   = "hep-ph",
      reportNumber   = "SLAC-PUB-6311, JHU-TIPAC-930019",
      SLACcitation   = "%%CITATION = HEP-PH/9308241;%%"
}

@article{Isgur:1989vq,
      author         = "N.~Isgur and M.B.~Wise",
      title          = "{Weak Decays of Heavy Mesons in the Static Quark
                        Approximation}",
      journal        = "Phys.Lett.",
      volume         = "B232",
      pages          = "113",
      doi            = "10.1016/0370-2693(89)90566-2",
      year           = "1989",
      reportNumber   = "UTPT-89-27, CALT-68-1585",
      SLACcitation   = "%%CITATION = PHLTA,B232,113;%%"
}


@article{minuit,
      author         = "F.~James  and M.~Roos",
      title          = "{Minuit: A System for Function Minimization and Analysis
                        of the Parameter Errors and Correlations}",
      journal        = "Comput.Phys.Commun.",
      volume         = "10",
      pages          = "343-367",
      doi            = "10.1016/0010-4655(75)90039-9",
      year           = "1975",
      reportNumber   = "CERN-DD-75-20",
      SLACcitation   = "%%CITATION = CPHCB,10,343;%%"
}



@article{HERATWO,
      author         = "G.~Hemmie  and J.R.~Maidment",
      title          = "{DESY III, The New proton injector for HERA}",
      journal        = "Conf.Proc.",
      volume         = "C870316",
      pages          = "172",
      year           = "1987",
      url="http://accelconf.web.cern.ch/AccelConf/p87/PDF/PAC1987_0172.pdf",
      SLACcitation   = "%%CITATION = CONFP,C870316,172;%%"
}


@article{Matsuki:2007zza,
      author         = "T.~Matsuki  et al.",
      title          = "{New heavy-light mesons Q anti-q}",
      journal        = "Prog.Theor.Phys.",
      volume         = "117",
      pages          = "1077-1098",
      doi            = "10.1143/PTP.117.1077",
      year           = "2007",
      eprint         = "hep-ph/0605019",
      archivePrefix  = "arXiv",
      primaryClass   = "hep-ph",
      SLACcitation   = "%%CITATION = HEP-PH/0605019;%%"
}



@article{Ebert:2009ua,
      author         = "D.~Ebert and  R.N.~Faustov  and V.O.~Galkin",
      title          = "{Heavy-light meson spectroscopy and Regge trajectories in
                        the relativistic quark model}",
      journal        = "Eur.Phys.J.",
      volume         = "C66",
      pages          = "197-206",
      doi            = "10.1140/epjc/s10052-010-1233-6",
      year           = "2010",
      eprint         = "0910.5612",
      archivePrefix  = "arXiv",
      primaryClass   = "hep-ph",
      reportNumber   = "HU-EP-09-53",
      SLACcitation   = "%%CITATION = ARXIV:0910.5612;%%"
}




@misc{Sugiyama:2003sp,
      author         = "J.~Sugiyama et al.",
      title          = "{Vector component of confinement force and P wave
                        spectrum of D mesons}",
      year           = "2003",
      eprint         = "hep-ph/0306111",
      archivePrefix  = "arXiv",
      primaryClass   = "hep-ph",
      SLACcitation   = "%%CITATION = HEP-PH/0306111;%%"
}



@article{Becattini:1995if,
      author         = "F.~Becattini",
      title          = "{A Thermodynamical approach to hadron production in $e^+ e^-$
                        collisions}",
      journal        = "Z.Phys.",
      volume         = "C69",
      pages          = "485-492",
      doi            = "10.1007/s002880050051",
      year           = "1996",
      reportNumber   = "DFF-224-03-1995",
      SLACcitation   = "%%CITATION = ZEPYA,C69,485;%%"
}





@Booklet{zeus:1993:bluebookrep,
  editor =       {{ZEUS \coll, U.~Holm (editor)}},
  title =        {The {ZEUS} Detector},
  howpublished = {Status Report (unpublished)},
  year =         1993,
  address =      {DESY},
  www =          {http://zeusdp.desy.de/bluebook/bluebook.html},
  checked =      {2}
}

@article{Helbich:2005qf,
      author         = "M.~Helbich et al.",
      title          = "{The Spectrometer system for measuring ZEUS luminosity at
                        HERA}",
      journal        = "Nucl.Instrum.Meth.",
      volume         = "A565",
      pages          = "572-588",
      doi            = "10.1016/j.nima.2006.06.049",
      year           = "2006",
      eprint         = "physics/0512153",
      archivePrefix  = "arXiv",
      primaryClass   = "physics",
      reportNumber   = "DESY-06-008",
      SLACcitation   = "%%CITATION = PHYSICS/0512153;%%",
}






@Book{blatt:1952:theor,
Title={Theoretical nuclear physics},
Author = {J.~Blatt and V.~Weisskopf},
journal = { Theoretical Nuclear Physics},
publisher={Wiley},
year={1952}
}






@article{Richman,
      author         = "J.D.~Richman and P.R.~Burchat",
      title          = "{Leptonic and semileptonic decays of charm and bottom
                        hadrons}",
      journal        = "Rev.Mod.Phys.",
      volume         = "67",
      pages          = "893-976",
      doi            = "10.1103/RevModPhys.67.893",
      year           = "1995",
      eprint         = "hep-ph/9508250",
      archivePrefix  = "arXiv",
      primaryClass   = "hep-ph",
      reportNumber   = "UCSB-HEP-95-08, STANFORD-HEP-95-01",
      SLACcitation   = "%%CITATION = HEP-PH/9508250;%%"
}





@techreport{MVDONE,
      author         = {ZEUS  \coll},
      title          = "{A Microvertex Detector for ZEUS}",
      collaboration  = "ZEUS Collaboration",
      year           = "1997",
      institution={DESY},
      url={http://zeusdp.desy.de/ZEUS_ONLY/zeus_notes/ZEUS_NOTES/ZEUS-97-006.ps},
      reportNumber   = "DESY-97-006"
}



@article{EFFICIENCYATLAS,
author = "ATLAS?CMS",
title = "D0->Kpi/K3pi",
journal = "NOTE",
year = "D",
www = "D"
}







@misc{EDG,
author = {The DataGrid Project},
title = {EDG -- European Data Grid},
url = {http://eu-datagrid.web.cern.ch/eu-datagrid/}
}



@misc{EGI,
author = {The EGI Foundation},
title = {EGI -- Europen Grid Infrastructure},
url = {http://egi.eu/}
}



@misc{WOLFRAMGAUSS,
author = {Wolfram Research},
title = {Wolfram Mathworld},
url = {http://mathworld.wolfram.com/Legendre-GaussQuadrature.html}
}
@misc{WOLFRAMNEWTON,
author = {Wolfram Research},
title = {Wolfram Mathworld},
url = {http://mathworld.wolfram.com/Newton-CotesFormulas.html}
}



@misc{EMI,
author = {The EMI Collaboration},
title = {EMI -- European Middleware Initiative},
url = {http://www.eu-emi.eu/}
}

@misc{EGEE,
author = {The EGEE Collaboration},
title = {EGEE -- Enabling Grids for E-sciencE},
url = {http://eu-egee.org/}
}


@misc{GRIDCAFE,
author = {The Grid Cafe},
title = {What is grid computing?},
url = {http://www.gridcafe.org/what-is-the-grid.html}
}





@misc{GLITE:MANUAL,
author = {The EGEE Collaboration},
editot ={Andrea Sciaba},
title = {gLite 3.2 User Guide},
year ={2012},
reportNumber   = {CERN-LCG-GDEIS-722398},
url = {https://edms.cern.ch/file/722398/1.4/gLite-3-UserGuide.pdf}
}


@misc{ROOT:MANUAL,
author = {The EGEE Collaboration},
editot ={Andrea Sciaba},
title = {gLite 3.2 User Guide},
year ={2012},
reportNumber   = {CERN-LCG-GDEIS-722398},
url = {https://edms.cern.ch/file/722398/1.4/gLite-3-UserGuide.pdf}
}

%A GENERAL PURPOSE PORTABLE SOFTWARE TOOL FOR DATA
%                        ANALYSIS AND PRESENTATION

@article{Brun:1989vg,
      author         = "R.~Brun, O.~Couet, C.E.~Vandoni and
                        P.~Zanarini",
      title          = "{PAW: a general purpose portable
      software tool for data analysis and presentation.}",
      journal        = "Comput.Phys.Commun.",
      volume         = "57",
      pages          = "432-437",
      doi            = "10.1016/0010-4655(89)90257-9",
      year           = "1989",
      reportNumber   = "CERN-DD-89-17, C89-04-10",
      SLACcitation   = "%%CITATION = CPHCB,57,432;%%",
}


@article{Antcheva:2011zz,
      author         = " I.~Antcheva et al",
      title          = "{ROOT: A C++ framework for petabyte data storage,
                        statistical analysis and visualization}",
      journal        = "Comput.Phys.Commun.",
      volume         = "182",
      pages          = "1384-1385",
      doi            = "10.1016/j.cpc.2011.02.008",
      year           = "2011",
      reportNumber   = "FERMILAB-PUB-09-661-CD",
      SLACcitation   = "%%CITATION = CPHCB,182,1384;%%",
}



@misc{PAW:MANUAL,
author = {The EGEE Collaboration},
editot ={Andrea Sciaba},
title = {gLite 3.2 User Guide},
year ={2012},
reportNumber   = {CERN-LCG-GDEIS-722398},
url = {https://edms.cern.ch/file/722398/1.4/gLite-3-UserGuide.pdf}
}






@misc{CALPAGE,
author = {ZEUS \coll},
title = {The uranium scintillator calorimeter (CAL)},
year ={2012},
url = {http://zeusdp.desy.de/public/cal.php3}
}




@misc{trackingpage,
author = {\ZEUS tracking group},
title = {Track resolution},
year ={2012},
url = {http://zeusdp.desy.de/ZEUS_ONLY/tracking/ZEUS_ONLY/info/resolution.html}
}


@misc{GLITE,
author = {The gLite Open \coll.},
title = {gLite - Lightweight Middleware for Grid Computing},
url  = {http://glite.cern.ch/} 
}

@misc{PTHREADS,
author = {The Linux man-pages project},
title = {Linux Programmer's Manual},
url  = {http://www.kernel.org/doc/man-pages/online/pages/man7/pthreads.7.html} 
}


@article{Abdallah:2003xp,
      author         = "DELPHI \coll, J.~Abdallah et al.",
      title          = "{A Measurement of the branching fractions of the {$b$}
                        quark into charged and neutral {$b$} hadrons}",
      collaboration  = "DELPHI Collaboration",
      journal        = "Phys.Lett.",
      volume         = "B576",
      pages          = "29-42",
      doi            = "10.1016/j.physletb.2003.09.070",
      year           = "2003",
      eprint         = "hep-ex/0311005",
      archivePrefix  = "arXiv",
      primaryClass   = "hep-ex",
      reportNumber   = "CERN-EP-2003-044",
      SLACcitation   = "%%CITATION = HEP-EX/0311005;%%"
}



@misc{VERENA,
author = {V.~Shoenberg},
title = {Pictures Database},
url  = {http://zeusdp.desy.de/~vschoenb/} 
}


@misc{BILDER,
author = {DESY},
title = {Mediendatenbank},
url  = {http://bilder.desy.de:9080/DESYmediabank/} 
}


@misc{ZEUSBILDER,
author = {ZEUS},
title = {ZEUS in pictures and posters},
url  = {http://zeusdp.desy.de/pictures/zeus2d2.eps.gz} 
}





@techreport{FUNNEL,
      author         = "A.~Parenti",
      title          = "{2009 Guide to Funnel: The ZEUS Monte Carlo Production Facility}",
      year           = "2009",
      reportNumber   = "ZEUS-09-002",
      url="http://www-zeus.desy.de/ZEUS_ONLY/zeus_notes/ZEUS_NOTES/ZEUS-09-002.pdf"
}










@phdthesis{MISHA,
      author         = "M.~Lisovyi",
      title          = "{Measurement of charm production in deep inelastic
                        scattering using lifetime tagging for {$D^{\pm}$} meson
                        decays with the ZEUS detector at HERA}",
                        year={2011},
                        school={DESY},
      reportNumber   = "DESY-THESIS-2011-033",
      url="http://inspirehep.net/record/943511/files/desy-thesis-11-033.pdf",
      SLACcitation   = "%%CITATION = DESY-THESIS-2011-033 ETC.;%%"
}




@techreport{STTONE,
      author         = "ZEUS \coll",
      title          = "{A Straw-Tube Tracker for ZEUS, report to DESY PRC}",
      collaboration  = "ZEUS Collaboration",
      year           = "1998"
}







@INPROCEEDINGS{STTTWO,
author={S.~Goers},
booktitle={Instrumentation and Measurement Technology Conference, 2004. IMTC 04. Proceedings of the 21st IEEE}, title={The straw-tube tracker of the ZEUS-detector at HERA},
year={2004},
month={may},
volume={2},
number={},
pages={ 1129 - 1134 Vol.2},
keywords={ HERA ZEUS-detector; Monte Carlo simulations; STT; ZEUS trigger logic; colliding beam detectors; forward direction track measurements; offline track reconstruction algorithm; pseudorapidity; straw-tube tracker; test beam measurements; Monte Carlo methods; colliding beam accelerators; particle track visualisation; signal reconstruction; trigger circuits;},
doi={10.1109/IMTC.2004.1351263},
ISSN={1091-5281 },}



@techreport{KFFIT,
      author         = "E.~Maddox",
      title          = "{A Kalman filter track fit for the ZEUS microvertex detector}",
      year           = "2003",
            institution={DESY},
            url={http://zeusdp.desy.de/ZEUS_ONLY/zeus_notes/ZEUS_NOTES/ZEUS-03-008.ps},
      reportNumber   = "ZEUS-03-008"
}


article{Chiochia:2001fd,
      author         = "V.~Chiochia",
      title          = "{The ZEUS Micro Vertex Detector}",
      collaboration  = "ZEUS MVD Group",
      journal        = "Nucl.Instrum.Meth.",
      volume         = "A501",
      pages          = "60-64",
      doi            = "10.1016/S0168-9002(02)02011-9",
      year           = "2003",
      eprint         = "hep-ex/0111061",
      archivePrefix  = "arXiv",
      primaryClass   = "hep-ex",
      SLACcitation   = "%%CITATION = HEP-EX/0111061;%%",
}





@techreport{VCTRACK,
      author         = "G.F.~Hartner",
      title          = "VCTRAK Briefing: Program and Math",
      year           = "1998",
      institution={DESY},
      url="http://zeusdp.desy.de/ZEUS_ONLY/zeus_notes/ZEUS_NOTES/ZEUS-98-058.ps",
      reportNumber   = "ZEUS-Note 98-058"
}


@article{pquark,
      author         = "ZEUS \coll, S.~Chekanov et al.",
      title          = "{Search for a narrow charmed baryonic state decaying to
                        {$D^{*\pm} p^{\mp}$} in {$ep$} collisions at HERA}",
      collaboration  = "ZEUS Collaboration",
      journal        = "Eur.Phys.J.",
      volume         = "C38",
      pages          = "29-41",
      doi            = "10.1140/epjc/s2004-02042-9",
      year           = "2004",
      eprint         = "hep-ex/0409033",
      archivePrefix  = "arXiv",
      primaryClass   = "hep-ex",
      reportNumber   = "DESY-04-164"

}



@article{HITSCTD,
      journal={The cowmilker},
      year={2004},
      author         = "BAD:del Amo Sanchez, P. and others",
      title          = "{Observation of new resonances decaying to $D\pi$ and $D^*\pi$ in inclusive $e^+e^-$ collisions near $\sqrt{s}=$10.58 GeV}"
}

@article{HITSMVD,
      journal={The cowmilker},
      year={2004},
      author         = "BAD:del Amo Sanchez, P. and others",
      title          = "{Observation of new resonances decaying to $D\pi$ and $D^*\pi$ in inclusive $e^+e^-$ collisions near   $\sqrt{s}=$10.58 GeV}"
}


@article{ZEUSGRID,
      author         = "H.~Stadie et al.",
      title          = "{Monte Carlo mass production for the ZEUS experiment on
                        the Grid}",
      journal        = "Nucl.Instrum.Meth.",
      volume         = "A559",
      pages          = "43-47",
      doi            = "10.1016/j.nima.2005.11.112",
      year           = "2006",
      SLACcitation   = "%%CITATION = NUIMA,A559,43;%%"
}




@article{HQETCOOL1,
      author         = "M.~Di Pierro  and E.~Eichten",
      title          = "{Excited heavy - light systems and hadronic transitions}",
      journal        = "Phys.Rev.",
      volume         = "D64",
      pages          = "114004",
      doi            = "10.1103/PhysRevD.64.114004",
      year           = "2001",
      eprint         = "hep-ph/0104208",
      archivePrefix  = "arXiv",
      primaryClass   = "hep-ph",
      reportNumber   = "FERMILAB-PUB-01-033-T",
      SLACcitation   = "%%CITATION = HEP-PH/0104208;%%"
}




@article{prl:66:1130,
      author         = "N.~Isgur and M.B.~Wise",
      title          = "{Spectroscopy with heavy quark symmetry}",
      journal        = "Phys.Rev.Lett.",
      volume         = "66",
      pages          = "1130-1133",
      doi            = "10.1103/PhysRevLett.66.1130",
      year           = "1991",
      reportNumber   = "CEBAF-TH-91-01, WM-91-101, CALT-68-1704",
      SLACcitation   = "%%CITATION = PRLTA,66,1130;%%"
}


@article{Link:2004md,
      author         = "FOCUS \coll, J.M.~Link et al.",
      title          = "{Measurements of six body hadronic decays of the $D^0$
                        charmed meson}",
      collaboration  = "FOCUS Collaboration",
      journal        = "Phys.Lett.",
      volume         = "B586",
      pages          = "21-26",
      doi            = "10.1016/j.physletb.2004.02.038",
      year           = "2004",
      eprint         = "hep-ex/0401019",
      archivePrefix  = "arXiv",
      primaryClass   = "hep-ex",
      reportNumber   = "FERMILAB-PUB-04-006-E",
      SLACcitation   = "%%CITATION = HEP-EX/0401019;%%"
}

@article{Aubert:2003fg,
      author         = "BABAR \coll, B.~Aubert et al.",
      title          = "{Observation of a narrow meson decaying to $D_s^+ \pi^0$
                        at a mass of 2.32-GeV/c$^2$}",
      collaboration  = "BABAR Collaboration",
      journal        = "Phys.Rev.Lett.",
      volume         = "90",
      pages          = "242001",
      doi            = "10.1103/PhysRevLett.90.242001",
      year           = "2003",
      eprint         = "hep-ex/0304021",
      archivePrefix  = "arXiv",
      primaryClass   = "hep-ex",
      reportNumber   = "SLAC-PUB-9711, BABAR-PUB-03-011",
      SLACcitation   = "%%CITATION = HEP-EX/0304021;%%"
}

@article{Besson:2003cp,
      author         = "CLEO \coll, D.~Besson et al.",
      title          = "{Observation of a narrow resonance of mass $2.46\Gev/c^2$
                        decaying to $D^{*+}(s)\pi^0$ and confirmation of the
                        $D^*_{sJ}(2317)$ state}",
      collaboration  = "CLEO Collaboration",
      journal        = "Phys.Rev.",
      volume         = "D68",
      pages          = "032002",
      doi            = "10.1103/PhysRevD.68.032002, 10.1103/PhysRevD.75.119908",
      year           = "2003",
      eprint         = "hep-ex/0305100",
      archivePrefix  = "arXiv",
      primaryClass   = "hep-ex",
      reportNumber   = "CLNS-03-1826, CLEO-03-09",
      SLACcitation   = "%%CITATION = HEP-EX/0305100;%%"
}

@article{Godfrey:1985xj,
      author         = "S.~Godfrey  and N.~Isgur",
      title          = "{Mesons in a Relativized Quark Model with
                        Chromodynamics}",
      journal        = "Phys.Rev.",
      volume         = "D32",
      pages          = "189-231",
      doi            = "10.1103/PhysRevD.32.189",
      year           = "1985",
      SLACcitation   = "%%CITATION = PHRVA,D32,189;%%"
}


@article{Godfrey:2005ww,
      author         = "S.~Godfrey",
      title          = "{Properties of the charmed P-wave mesons}",
      journal        = "Phys.Rev.",
      volume         = "D72",
      pages          = "054029",
      doi            = "10.1103/PhysRevD.72.054029",
      year           = "2005",
      eprint         = "hep-ph/0508078",
      archivePrefix  = "arXiv",
      primaryClass   = "hep-ph",
      SLACcitation   = "%%CITATION = HEP-PH/0508078;%%"
}



@article{Abbiendi:2001qp,
      author         = "OPAL \coll, G.~Abbiendi et al.",
      title          = "{A Search for a narrow radial excitation of the $D^{*\pm}$
                        meson}",
      collaboration  = "OPAL Collaboration",
      journal        = "Eur.Phys.J.",
      volume         = "C20",
      pages          = "445-454",
      doi            = "10.1007/s100520100696",
      year           = "2001",
      eprint         = "hep-ex/0101045",
      archivePrefix  = "arXiv",
      primaryClass   = "hep-ex",
      reportNumber   = "CERN-EP-2001-003",
      SLACcitation   = "%%CITATION = HEP-EX/0101045;%%"
}





@article{Abreu:1998vk,
      author         = "DELPHI \coll, P.~Abreu et al.",
      title          = "{First evidence for a charm radial excitation, $D^{*\prime}$}",
      collaboration  = "DELPHI Collaboration",
      journal        = "Phys.Lett.",
      volume         = "B426",
      pages          = "231-242",
      doi            = "10.1016/S0370-2693(98)00346-3",
      year           = "1998",
      reportNumber   = "CERN-EP-98-030, CERN-EP-98-30",
      SLACcitation   = "%%CITATION = PHLTA,B426,231;%%"
}


@article{Ebert:1997nk,
      author         = "D.~Ebert, V.O.~Galkin,  and R.N.~Faustov",
      title          = "{Mass spectrum of orbitally and radially excited heavy -
                        light mesons in the relativistic quark model}",
      journal        = "Phys.Rev.",
      volume         = "D57",
      pages          = "5663-5669",
      doi            = "10.1103/PhysRevD.59.019902, 10.1103/PhysRevD.57.5663",
      year           = "1998",
      eprint         = "hep-ph/9712318",
      archivePrefix  = "arXiv",
      primaryClass   = "hep-ph",
      reportNumber   = "HUB-EP-97-90",
      SLACcitation   = "%%CITATION = HEP-PH/9712318;%%"
}

@article{Jackson:1964zd,
      author         = "J.D.~Jackson",
      title          = "{Remarks on the phenomenological analysis of resonances}",
      journal        = "Nuovo Cim.",
      volume         = "34",
      pages          = "1644-1666",
      doi            = "10.1007/BF02750563",
      year           = "1964",
      SLACcitation   = "%%CITATION = NUCIA,34,1644;%%"
}




@article{Lai:1999wy,
      author         = "H.L.~Lai et al.",
      title          = "{Global QCD analysis of parton structure of the nucleon:
                        CTEQ5 parton distributions}",
      collaboration  = "CTEQ Collaboration",
      journal        = "Eur.Phys.J.",
      volume         = "C12",
      pages          = "375-392",
      doi            = "10.1007/s100529900196",
      year           = "2000",
      eprint         = "hep-ph/9903282",
      archivePrefix  = "arXiv",
      primaryClass   = "hep-ph",
      reportNumber   = "MSUHEP-903100, FERMILAB-PUB-00-266-E",
      SLACcitation   = "%%CITATION = HEP-PH/9903282;%%"
}

@article{Gluck:1991jc,
      author         = "M.~Gluck and  E.~Reya  and A.~Vogt",
      title          = "{Photonic parton distributions}",
      journal        = "Phys.Rev.",
      volume         = "D46",
      pages          = "1973-1979",
      doi            = "10.1103/PhysRevD.46.1973",
      year           = "1992",
      reportNumber   = "DO-TH-91-31",
      SLACcitation   = "%%CITATION = PHRVA,D46,1973;%%"
}



@article{zfp:c11:169,
      author         = "M.G.~Bowler",
      title          = "{$e^+ e^-$ Production of Heavy Quarks in the String Model}",
      journal        = "Z. Phys.",
      volume         = "C 11",
      pages          = "169",
      doi            = "10.1007/BF01574001",
      year           = "1981",
      reportNumber   = "OXFORD-NP-31/81",
      SLACcitation   = "%%CITATION = ZEPYA,C11,169;%%"
}


@article{zfp:c20:317,
      author         = "B.~Andersson et al.",
      title          = "{A General Model for Jet Fragmentation}",
      journal        = "Z. Phys.",
      volume         = "C 20",
      pages          = "317",
      doi            = "10.1007/BF01407824",
      year           = "1983",
      reportNumber   = "LU-TP-83-2",
      SLACcitation   = "%%CITATION = ZEPYA,C20,317;%%"
}


@Article{cpc:82:74,
  Author =	 {T.~Sj\"ostrand},
  Title =	 {High-Energy Physics Event Generation with {\sc pythia~5.7}
                  and {\sc jetset~7.4}},
      journal        = "Comput.Phys.Commun.",
      volume         = "82",
      pages          = "74-90",
      doi            = "10.1016/0010-4655(94)90132-5",
      year           = "1994",
      SLACcitation   = "%%CITATION = CPHCB,82,74;%%",
}
}


@Article{nim:a311:139-BAD,
  author =	 {P.~Billoir and S.~Qian},
  title =	 {Fast Vertex Fitting with a Local Parametrization of Tracks},
  journal =	 {Nucl. Instr. Meth.},
  year =	 {1992},
  volume =	 {A~311},
  submitdate =	 {22.08.01-18:41},
  checked =	 {1}
}


@article{nim:a311:139,
      author         = "P.~Billoir and S.~Qian",
      title          = "{Fast vertex fitting with a local parametrization of
                        tracks}",
      journal        = "Nucl.Instrum.Meth.",
      volume         = "A311",
      pages          = "139-150",
      doi            = "10.1016/0168-9002(92)90859-3",
      year           = "1992",
      SLACcitation   = "%%CITATION = NUIMA,A311,139;%%"
}





@article{epj:c44:351,
      author         = "ZEUS \coll,  S.~Chekanov et al.",
      title          = "{Measurement of charm fragmentation ratios and fractions
                        in photoproduction at HERA}",
      collaboration  = "ZEUS Collaboration",
      journal        = "Eur. Phys. J.",
      volume         = "C 44",
      pages          = "351-366",
      doi            = "10.1140/epjc/s2005-02397-3",
      year           = "2005",
      reportNumber   = "DESY-05-147",
      SLACcitation   = "%%CITATION = HEP-EX/0508019;%%"
}




@Article{jhep:07:074,
  author =       {ZEUS \coll, S.~Chekanov et al.},
  title =        {Diffractive Photoproduction of
                  $D^{*\pm}(2010)$ at HERA},
  journal =      {JHEP},
  year =         {2007},
  volume =       {07},
  pages =        {074},
  note =         {JHEP07(2007)074, RedReport DESY-07-039 (March 2007)},
  submitdate =   {13.10.08-13:02},
  checked =      {0}
}



@Article{cpc:39:347,
  Author =       {T.~Sj\"ostrand},
  Title =        {The {Lund Monte Carlo} for Jet Fragmentation and
                  {$e^{+}e^{-}$} Physics: {\sc jetset version 6.2}},
  Journal =      {CPC},
  Year =         {1986},
  Volume =       {39},
  Pages =        {347},
  Checked =      {2}
}

@Booklet{zeus:1993:bluebook,
  author ={ZEUS \coll},
  editor =       { U.~Holm},
  title =        {The {ZEUS} Detector},
  howpublished = {Status Report (unpublished)},
  year =         {1993},
  address =      {DESY},
url =          {http://zeusdp.desy.de/bluebook/bluebook.html},
  checked =      {2}
}



@Article{epj:c38:447,
  author =       {H1 \coll, A.~Aktas \etal},
  title =        {Inclusive Production of {$D^+$}, {$D^0$}, {$D_s^+$} and
                  {$D^*+$} Mesons in Deep Inelastic Scattering at {HERA}},
  journal =      {Eur. Phys. J.},
  year =         {2005},
  volume =       {C~38},
  pages =        {447},
  submitdate =   {29.05.07-05:17},
  checked =      {0}
}

@article{Rosner:1985dx,
      author         = "J.L.~Rosner",
      title          = "{P Wave Mesons with One Heavy Quark}",
      journal        = "Comments Nucl.Part.Phys.",
      volume         = "16",
      pages          = "109",
      year           = "1986",
      reportNumber   = "EFI 85/91-CHICAGO",
      SLACcitation   = "%%CITATION = CNPPA,16,109;%%",
      url =            "http://ccdb5fs.kek.jp/cgi-bin/img/allpdf?198605131"
}





@article{cpc:43:367,
      author         = "T.~Sjostrand  and M.~Bengtsson",
      title          = "{The Lund Monte Carlo for Jet Fragmentation and e+ e-
                        Physics. Jetset Version 6.3: An Update}",
      journal        = "Comput.Phys.Commun.",
      volume         = "43",
      pages          = "367",
      doi            = "10.1016/0010-4655(87)90054-3",
      year           = "1987",
      reportNumber   = "LU-TP-86-22",
      SLACcitation   = "%%CITATION = CPHCB,43,367;%%"
}



@article{ChengBurdman,
      author         = "G.~Burdman et al.",
      title          = "{Union of chiral and heavy quark symmetries}",
      journal        = "Phys.Lett.",
      volume         = "B280",
      pages          = "287-291",
      doi            = "10.1016/0370-2693(92)90068-F",
      year           = "1992",
      reportNumber   = "UMHEP-365",
      SLACcitation   = "%%CITATION = PHLTA,B280,287;%%"
}







@article{Andru,
      author         = "J.~Andruszkow et al.",
      title          = "{Luminosity measurement in the ZEUS experiment}",
      collaboration  = "ZEUS Luminosity Group",
      journal        = "Acta Phys.Polon.",
      volume         = "B32",
      pages          = "2025-2058",
      year           = "2001",
      url="http://th-www.if.uj.edu.pl/acta/vol32/ps/v32p2025.ps.gz",
      reportNumber   = "DESY-01-041, ZEUS-NOTE-01-004-REV",
      SLACcitation   = "%%CITATION = APPOA,B32,2025;%%"
}









%\cite{delAmoSanchez:2010vq}
@article{delAmoSanchez:2010vq,
      author         = "BABAR \coll, P.~del Amo Sanchez et al.",
      title          = "{Observation of new resonances decaying to $D\pi$ and
                        $D^*\pi$ in inclusive $e^+e^-$ collisions near
                        $\sqrt{s}=$10.58 GeV}",
     collaboration  = "BABAR Collaboration",
      journal        = "Phys.Rev.",
      volume         = "D82",
      pages          = "111101",
      doi            = "10.1103/PhysRevD.82.111101",
      year           = "2010",
      eprint         = "1009.2076",
      archivePrefix  = "arXiv",
      primaryClass   = "hep-ex",
      reportNumber   = "BABAR-PUB-10-020, SLAC-PUB-14246",
      SLACcitation   = "%%CITATION = ARXIV:1009.2076;%%"
}


%\cite{Abe:2004sm}
@article{Abe:2004sm,
      author         = "BELLE \coll, K.~Abe et al.",
      title          = "{Observation of the $D_1(2420)\rightarrow D\pi^+ \pi^-$ decays}",
      collaboration  = "Belle Collaboration",
      journal        = "Phys.Rev.Lett.",
      volume         = "94",
      pages          = "221805",
      doi            = "10.1103/PhysRevLett.94.221805",
      year           = "2005",
      eprint         = "hep-ex/0410091",
      archivePrefix  = "arXiv",
      primaryClass   = "hep-ex",
      SLACcitation   = "%%CITATION = HEP-EX/0410091;%%"
}




%\cite{Avery:1994yc}
@article{Avery:1994yc,
      author         = "CLEO \coll, P.~Avery et al.",
      title          = "{Production and decay of $D_1^0(2420)$ and $D_2^{*0}(2460)$}",
      collaboration  = "CLEO Collaboration",
      journal        = "Phys.Lett.",
      volume         = "B331",
      pages          = "236-244",
      doi            = "10.1016/0370-2693(94)90968-7",
      year           = "1994",
      eprint         = "hep-ph/9403359",
      archivePrefix  = "arXiv",
      primaryClass   = "hep-ph",
      reportNumber   = "CLNS-94-1280, CLEO-94-10, CLNS94-1280",
      SLACcitation   = "%%CITATION = HEP-PH/9403359;%%"
}



%\cite{Frabetti:1993vv}
@article{Frabetti:1993vv,
      author         = "E687 \coll, P.L.~Frabetti et al.",
      title          = "{Measurement of the masses and widths of L = 1 charm
                        mesons}",
      collaboration  = "E687 Collaboration",
      journal        = "Phys.Rev.Lett.",
      volume         = "72",
      pages          = "324-327",
      doi            = "10.1103/PhysRevLett.72.324",
      year           = "1994",
      reportNumber   = "FERMILAB-PUB-93-249-E",
      SLACcitation   = "%%CITATION = PRLTA,72,324;%%"
}



%\cite{Avery:1989ui}
@article{Avery:1989ui,
      author         = "CLEO \coll, P.~Avery et al.",
      title          = "{P wave charmed mesons in $e^+e^-$ annihilation}",
      collaboration  = "CLEO Collaboration",
      journal        = "Phys.Rev.",
      volume         = "D41",
      pages          = "774",
      doi            = "10.1103/PhysRevD.41.774",
      year           = "1990",
      reportNumber   = "CLNS-89/939, CLEO-89-11",
      SLACcitation   = "%%CITATION = PHRVA,D41,774;%%"
}


%\cite{Albrecht:1989pa}


%\cite{Anjos:1988uf}
@article{Anjos:1988uf,
      author         = "TPS \coll, J.C.~Anjos et al.",
      title          = "{Observation of Excited Charmed Mesons}",
      collaboration  = "Tagged Photon Spectrometer Collaboration",
      journal        = "Phys.Rev.Lett.",
      volume         = "62",
      pages          = "1717",
      doi            = "10.1103/PhysRevLett.62.1717",
      year           = "1989",
      reportNumber   = "FERMILAB-PUB-88-155-E",
      SLACcitation   = "%%CITATION = PRLTA,62,1717;%%"
}




%\cite{Abulencia:2005ry}
@article{Abulencia:2005ry,
      author         = "CDF \coll, A.~Abulencia et al.",
      title          = "{Measurement of mass and width of the excited charmed
                        meson states $D^0_1$ and $D^{*0}_2$ at CDF}",
      collaboration  = "CDF Collaboration",
      journal        = "Phys.Rev.",
      volume         = "D73",
      pages          = "051104",
      doi            = "10.1103/PhysRevD.73.051104",
      year           = "2006",
      eprint         = "hep-ex/0512069",
      archivePrefix  = "arXiv",
      primaryClass   = "hep-ex",
      reportNumber   = "FERMILAB-PUB-05-552-E",
      SLACcitation   = "%%CITATION = HEP-EX/0512069;%%"
}




%\cite{Aubert:2009wg}
@article{Aubert:2009wg,
      author         = "BABAR \coll, B.~Aubert et al.",
      title          = "{Dalitz Plot Analysis of $B\rightarrow D^+ \pi^- \pi^-$}",
      collaboration  = "BABAR Collaboration",
      journal        = "Phys.Rev.",
      volume         = "D79",
      pages          = "112004",
      doi            = "10.1103/PhysRevD.79.112004",
      year           = "2009",
      eprint         = "0901.1291",
      archivePrefix  = "arXiv",
      primaryClass   = "hep-ex",
      reportNumber   = "BABAR-PUB-08-048, SLAC-PUB-13508",
      SLACcitation   = "%%CITATION = ARXIV:0901.1291;%%"
}

%\cite{Link:2003bd}
@article{Link:2003bd,
      author         = "FOCUS \coll, J.M.~Link et al.",
      title          = "{Measurement of masses and widths of excited charm mesons
                        $D_2^*$ and evidence for broad states}",
      collaboration  = "FOCUS Collaboration",
      journal        = "Phys.Lett.",
      volume         = "B586",
      pages          = "11-20",
      doi            = "10.1016/j.physletb.2004.02.017",
      year           = "2004",
      eprint         = "hep-ex/0312060",
      archivePrefix  = "arXiv",
      primaryClass   = "hep-ex",
      reportNumber   = "FERMILAB-PUB-03-411-E",
      SLACcitation   = "%%CITATION = HEP-EX/0312060;%%"
}


%\cite{Albrecht:1988dj}
@article{Albrecht:1988dj,
      author         = "ARGUS \coll, H.~Albrecht et al.",
      title          = "{Observation of the $D^{*0}(2459)$ in $e^+ e^-$ Annihilation}",
      collaboration  = "ARGUS Collaboration",
      journal        = "Phys.Lett.",
      volume         = "B221",
      pages          = "422",
      doi            = "10.1016/0370-2693(89)91737-1",
      year           = "1989",
      reportNumber   = "DESY 88/179",
      SLACcitation   = "%%CITATION = PHLTA,B221,422;%%"
}


%\cite{Asratian:1995wx}



%\cite{Kuzmin:2006mw}
@article{Kuzmin:2006mw,
      author         = "BELLE \coll, A.~Kuzmin et al.",
      title          = "{Study of $anti-B^0\rightarrow D^0 \pi^+ \pi^-$ decays}",
      collaboration  = "Belle Collaboration",
      journal        = "Phys.Rev.",
      volume         = "D76",
      pages          = "012006",
      doi            = "10.1103/PhysRevD.76.012006",
      year           = "2007",
      eprint         = "hep-ex/0611054",
      archivePrefix  = "arXiv",
      primaryClass   = "hep-ex",
      reportNumber   = "BELLE-2006-38, KEK-2006-55",
      SLACcitation   = "%%CITATION = HEP-EX/0611054;%%"
}



%\cite{Albrecht:1989gb}
@article{Albrecht:1989gb,
      author         = "ARGUS \coll, H.~Albrecht et al.",
      title          = "{Observation of the charged isospin partner of the  $D^{*0}(2459)$
                        }",
      collaboration  = "ARGUS Collaboration",
      journal        = "Phys.Lett.",
      volume         = "B231",
      pages          = "208",
      doi            = "10.1016/0370-2693(89)90141-X",
      year           = "1989",
      reportNumber   = "DESY 89/085",
      SLACcitation   = "%%CITATION = PHLTA,B231,208;%%"
}


%\cite{Abazov:2007wg}
@article{Abazov:2007wg,
      author         = "D0 \coll, V.M.~Abazov et al.",
      title          = "{Measurement of the $B^0_{s}$ semileptonic branching
                        ratio to an orbitally excited $D_s$ state, Br($B^0_s\to
                        D^-_{s1}(2536) \mu^{+} \nu X$)}",
      collaboration  = "D0 Collaboration",
      journal        = "Phys.Rev.Lett.",
      volume         = "102",
      pages          = "051801",
      doi            = "10.1103/PhysRevLett.102.051801",
      year           = "2009",
      eprint         = "0712.3789",
      archivePrefix  = "arXiv",
      primaryClass   = "hep-ex",
      reportNumber   = "FERMILAB-PUB-07-659-E",
      SLACcitation   = "%%CITATION = ARXIV:0712.3789;%%"
}



%\cite{Aubert:2006bk}
@article{Aubert:2006bk,
      author         = "BABAR \coll, B.~Aubert et al.",
      title          = "{A Study of the {$D^*_{(sJ)}(2317)$} and {$D_{(sJ)}(2460)$} Mesons in
                        Inclusive c anti-c Production Near {$\sqrt{s} = 10.6\Gev$} }",
      collaboration  = "BABAR Collaboration",
      journal        = "Phys.Rev.",
      volume         = "D74",
      pages          = "032007",
      doi            = "10.1103/PhysRevD.74.032007",
      year           = "2006",
      eprint         = "hep-ex/0604030",
      archivePrefix  = "arXiv",
      primaryClass   = "hep-ex",
      reportNumber   = "SLAC-PUB-11816, BABAR-CONF-025-07",
      SLACcitation   = "%%CITATION = HEP-EX/0604030;%%"
}


%\cite{Heister:2001nj}



%\cite{Asratian:1993zx}


%\cite{Alexander:1993nq}



%\cite{Albrecht:1992zh}


%\cite{Albrecht:1989yi}



%\cite{Belle:2011ad}


%\cite{Lees:2011um}


%\cite{Asratian:1987rb}


@article{Abramowicz:2012ys,
      author         = "ZEUS \coll, H.~Abramowicz et al.",
      title          = "{Production of the excited charm mesons {$D_1$} and {$D^*_2$}
                        at HERA}",
      collaboration  = "ZEUS Collaboration",
      journal        = "Nucl.Phys.",
      volume         = "B866",
      pages          = "229-254",
      doi            = "10.1016/j.nuclphysb.2012.09.007",
      year           = "2013",
      eprint         = "1208.4468",
      archivePrefix  = "arXiv",
      primaryClass   = "hep-ex",
      reportNumber   = "DESY-12-144",
      SLACcitation   = "%%CITATION = ARXIV:1208.4468;%%"
}





@article{Neubert:1993mb,
      author         = "M.~Neubert",
      title          = "{Heavy quark symmetry}",
      journal        = "Phys.Rept.",
      volume         = "245",
      pages          = "259-396",
      doi            = "10.1016/0370-1573(94)90091-4",
      year           = "1994",
      eprint         = "hep-ph/9306320",
      archivePrefix  = "arXiv",
      primaryClass   = "hep-ph",
      reportNumber   = "SLAC-PUB-6263",
      SLACcitation   = "%%CITATION = HEP-PH/9306320;%%"
}







@article{ATLASICHEP2012, 
      author         = "ATLAS \coll, G.~Aad et al.",
      title          = "{Observation of a new particle in the search for the
                        Standard Model Higgs boson with the ATLAS detector at the
                        LHC}",
      collaboration  = "ATLAS Collaboration",
      journal        = "Phys.Lett.",
      volume         = "B716",
      pages          = "1-29",
      doi            = "10.1016/j.physletb.2012.08.020",
      year           = "2012",
      eprint         = "1207.7214",
      archivePrefix  = "arXiv",
      primaryClass   = "hep-ex",
      reportNumber   = "CERN-PH-EP-2012-218",
      SLACcitation   = "%%CITATION = ARXIV:1207.7214;%%"
}




@article{CMSICHEP2012,
      author         = "CMS \coll, S.~Chatrchyan et al.",
      title          = " { Observation of a new boson at a mass of 125 GeV with the
                        CMS experiment at the LHC } ",
      collaboration  = "CMS Collaboration",
      journal        = "Phys.Lett.",
      volume         = "B716",
      pages          = "30-61",
      doi            = "10.1016/j.physletb.2012.08.021",
      year           = "2012",
      eprint         = "1207.7235",
      archivePrefix  = "arXiv",
      primaryClass   = "hep-ex",
      reportNumber   = "CMS-HIG-12-028, CERN-PH-EP-2012-220",
      SLACcitation   = "%%CITATION = ARXIV:1207.7235;%%"
}

@article{Chiochia:2001fd,
      author         = "V.~Chiochia",
      title          = "{The ZEUS Micro Vertex Detector}",
      collaboration  = "ZEUS MVD Group",
      journal        = "Nucl.Instrum.Meth.",
      volume         = "A501",
      pages          = "60-64",
      doi            = "10.1016/S0168-9002(02)02011-9",
      year           = "2003",
      eprint         = "hep-ex/0111061",
      archivePrefix  = "arXiv",
      primaryClass   = "hep-ex",
      SLACcitation   = "%%CITATION = HEP-EX/0111061;%%"
}


%@ARTICLE{Belle, crossref = {Abe:2003zm}}
%@ARTICLE{we, crossref = {Abramowicz:2012ys}}
%@ARTICLE{PDG11, crossref = {PDG}}
%@ARTICLE{dsshera1, crossref = {Chekanov:2008ac}}
%@ARTICLE{Dpaper, crossref = {Chekanov:2008yd}}
%@ARTICLE{HQET1, crossref = {Isgur:1989vq}}
%@ARTICLE{HQET2, crossref = {Neubert:1993mb}}
%@ARTICLE{zfp:c69:485, crossref = {Becattini:1995if}}
%@ARTICLE{CLEO, crossref = {Avery:1994yc}}
%@ARTICLE{cnpp:16:109, crossref = {Rosner:1985dx}}

@article{Akopov:2012bm,
      author         = "Z.~Akopov et al.",
      title          = "{Status Report of the DPHEP Study Group: Towards a Global
                        Effort for Sustainable Data Preservation in High Energy
                        Physics}",
      collaboration  = "DPHEP Study Group",
      year           = "2012",
      eprint         = "1205.4667",
      archivePrefix  = "arXiv",
      primaryClass   = "hep-ex",
      reportNumber   = "DPHEP-2012-001",
      SLACcitation   = "%%CITATION = ARXIV:1205.4667;%%",
      url="http://arxiv.org/pdf/1205.4667.pdf"
}






%      journal        = "ZEUS Tracking Developers Group Meeting",
%      journal        = "{\rm ZEUS HFL Group meeting}",
% , {\rm ZEUS Tracking developers meeting}


@misc{SL,
author = "Scientific Linux",
title = "S.L. Distribution Roadmap",
year = "2012",
url = {http://www.scientificlinux.org/distributions/roadmap}
}


@misc{GL,
author = {The EMI Collaboration},
title = {Releases, EMI -- European Middleware Initiative},
url = {http://www.eu-emi.eu/releases}
}


@misc{ARC,
author = {The NorduGrid Collaboration},
title = {NorduGrid FAQ},
url = {http://www.nordugrid.org/documents/faq.html}
}




@misc{Olaf,
author = "O.~Behnke",
title = "Track efficiency tests with $K^0_S$ decays",
year = "ZEUS Tracking Developers Group Meeting, 25 March 2010",
url = {http://zeusdp.desy.de/ZEUS_ONLY/meetings/zems/group10/meet259/sess2643/pres11733/obehnke100325.pdf}
}

@misc{SPIRIDONOV,
author = {A.~Spiridonov},
title = {Mapping of tracking efficiency with VMCU utility (update)},
year = {ZEUS HFL Group meeting, 4 March 2004},
url = {http://zeusdp.desy.de/ZEUS_ONLY/meetings/zems/group10/meet284/sess2962/pres12909/h120404_Compatibility_Mode_.pdf}
}


@misc{MVDSA,
author = {V.~Libov},
title = {Tracking efficiency studies},
year = {ZEUS HFL Group meeting, 25 January 2012},
url = {http://zeusdp.desy.de/ZEUS_ONLY/meetings/zems/group10/meet284/sess2929/pres12799/29_HFL_25January2012.pdf}
}



@misc{metrack,
author = {A.~Verbytskyi},
title = {D meson reconstruction efficiencies},
year = {ZEUS Tracking Group meeting, 29 July 2009},
url = {http://zeusdp.desy.de/ZEUS_ONLY/meetings/zems/group15/meet242/sess2519/pres11260/mesonsvmcustudies.pdf}
}

@misc{SPIRIDONOVTWO,
author = {A.~Spiridonov},
title = {Evaluation of Beam Spot Size},
year={ZEUS Tracking Developers Group Meeting, 5 October 2009},
url = {http://zeusdp.desy.de/ZEUS_ONLY/meetings/zems/group5/meet257/sess2552/pres11389/k091005.pdf}
}

@misc{TRIGGER,
author = "ZEUS HFL Group",
title = "HFL Trigger",
year = " 2000-2012",
url = "http://zeusdp.desy.de/physics/hfla/zeus/hfl_trig"
}

@misc{SINISTRAf,
author = "SINISTRA",
title = "SINISTRA",
year = " SINISTRA",
url = "SINISTRA"
}



@article{SINISTRA,
      author         = "R.~Sinkus and T.~Voss",
      title          = "Particle identification with neural networks using a
                        rotational invariant moment representation",
      journal        = "Nucl.Instrum.Meth.",
      volume         = "A391",
      pages          = "360-368",
      doi            = "10.1016/S0168-9002(97)00524-X",
      year           = "1997",
      reportNumber   = "DESY-96-264",
      SLACcitation   = "%%CITATION = NUIMA,A391,360;%%"
}


@article{jacquetblondel,
      author         = {A.~Blondel and F.~Jacquet},
title= {Proceedings of the Study of an $ep$ Facility for Europe},
pages="391",
year= "1979",
reportNumber   = "DESY-79-48"
}


@misc{tLite,
  author =       {H.~Stadie},
  title =        {tLite Home page},
  year =         2007,
  address =      {DESY},
  url =          {http://zeusdp.desy.de/ZEUS_ONLY/tracking/ZEUS_ONLY/tools/tLite/index.html}
}

@misc{gladilin,
  author =       {L.~Gladilin},
  title =        {Private communication},
  year =         2010
}



@article{ANIAZHENIA,
      author         = "ZEUS \coll, H.~Abramowicz et al.",
      title          = "{Measurement of charm fragmentation fractions in photoproduction at HERA}",
      collaboration  = "ZEUS Collaboration",
      journal = "In preparation",
      year           = "2013",
      reportNumber   = "In preparation",
      SLACcitation   = "%%CITATION = ARXIV:X%%"
}

@article{ANIAZHENIAOLD,
      author         = "ZEUS \coll, H.~Abramowicz et al.",
      title          = "{Measurement of charm fragmentation fractions in photoproduction at HERA}",
      collaboration  = "ZEUS Collaboration",
      journal        = "X",
      volume         = "X",
      pages          = "X",
      doi            = "X",
      year           = "2013",
      eprint         = "X",
      archivePrefix  = "arXiv",
      primaryClass   = "hep-ex",
      reportNumber   = "DESY-13-X",
      SLACcitation   = "%%CITATION = ARXIV:X%%"
}



@phdthesis{RANDSL,
      author         = "V.~Libov",
      title          = "{XXX}",
                        year = {2012},
                        school = {DESY},
      reportNumber   = "DESY-THESIS-2012-xxx",
      SLACcitation   = "%%CITATION = DESY-THESIS-2012-xxx ETC.;%%"
}




@article{Bassler:1994uq,
      author         = "U.~Bassler and G.~Bernardi",
      title          = "{On the kinematic reconstruction of deep inelastic
                        scattering at HERA: The Sigma method}",
      journal        = "Nucl.Instrum.Meth.",
      volume         = "A361",
      pages          = "197-208",
      doi            = "10.1016/0168-9002(95)00173-5",
      year           = "1995",
      eprint         = "hep-ex/9412004",
      archivePrefix  = "arXiv",
      primaryClass   = "hep-ex",
      reportNumber   = "DESY-94-231",
      SLACcitation   = "%%CITATION = HEP-EX/9412004;%%",
}



