@article{politzer1973reliable,
	title={Reliable perturbative results for strong interactions?},
	author={Politzer, H David},
	journal={Physical Review Letters},
	volume={30},
	number={26},
	pages={1346},
	year={1973},
	publisher={APS}
}



@article{politzer1974asymptotic,
	title={Asymptotic freedom: An approach to strong interactions},
	author={Politzer, H David},
	journal={Physics Reports},
	volume={14},
	number={4},
	pages={129--180},
	year={1974},
	publisher={Elsevier}
}

@article{gross1973asymptotically,
	title={Asymptotically free gauge theories. I},
	author={Gross, David J and Wilczek, Frank},
	journal={Physical Review D},
	volume={8},
	number={10},
	pages={3633},
	year={1973},
	publisher={APS}
}

@article{glashow1961partial,
	title={Partial-symmetries of weak interactions},
	author={Glashow, Sheldon L},
	journal={Nuclear Physics},
	volume={22},
	number={4},
	pages={579--588},
	year={1961},
	publisher={Elsevier}
}

@article{salam1964electromagnetic,
	title={Electromagnetic and weak interactions},
	author={Salam, Abdus and Ward, John Clive},
	journal={Physics Letters},
	volume={13},
	number={2},
	pages={168--171},
	year={1964},
	publisher={Elsevier}
}

@article{weinberg1967model,
	title={A model of leptons},
	author={Weinberg, Steven},
	journal={Physical review letters},
	volume={19},
	number={21},
	pages={1264},
	year={1967},
	publisher={APS}
}

@article{glashow1970weak,
	title={Weak interactions with lepton-hadron symmetry},
	author={Glashow, Sheldon L and Iliopoulos, Jean and Maiani, Luciano},
	journal={Physical Review D},
	volume={2},
	number={7},
	pages={1285},
	year={1970},
	publisher={APS}
}


@article{politzer1973reliable,
	title={Reliable perturbative results for strong interactions?},
	author={Politzer, H David},
	journal={Physical Review Letters},
	volume={30},
	number={26},
	pages={1346},
	year={1973},
	publisher={APS}
}




@article{schael2006aleph,
	title={ALEPH Collaboration, DELPHI Collaboration, L3 Collaboration, OPAL Collaboration, SLD Collaboration, LEP Electroweak Working Group, SLD Electroweak Group, SLD Heavy Flavour Group},
	author={Schael, S},
	journal={Phys. Rept.},
	volume={427},
	year={2006}
}









%%%%%%%%%%%%%%%%%%%%%%%%%%%%%%%%%%%%%%%%%%%%%%%%%%%%%%%%%%%%%%%%%%%%%%%%%%%%%%%%%%%%%%%%%%%%%%%%%%%%%%%%%%%%%%%%%%%%%%%%%%%%%%%%%%%%%%%%%%%%
